% For examples of BibLaTeX entries, see:
% https://ctan.net/macros/latex/contrib/biblatex/doc/examples/biblatex-examples.bib
%
% For a quick reference, see e.g. here:
% https://www.overleaf.com/learn/latex/Articles/Getting_started_with_BibLaTeX
%
% For supported entry types and entry fields, see e.g. here:
% https://www.overleaf.com/learn/latex/Bibliography_management_with_biblatex#Reference_guide

@book{RaspberryPiLtd24a,
  author={Raspberry Pi Ltd},
  title={{Getting started with Raspberry Pi Pico}},
  subtitle={{C/C++ development with Raspberry Pi Pico and other
                  RP2040-based microcontroller boards}},
  year=2024,
  month=5,
  day=2,
  language={english},
  url={https://datasheets.raspberrypi.com/pico/getting-started-with-pico.pdf},
  urldate={2024-05-28},
}

@online{Reuter24a,
  author={Reuter, JÃ¼rgen},
  title={{An RP2040 Pico Based Very Simple Polyphonic Synthesizer}},
  year={2024},
  language={german},
  url={https://github.com/soundpaint/pico-simple-stupid-synth},
  address={Karlsruhe, Germany},
  urldate={2024-05-28},
}

@online{Wikipedia24a,
  author={Wikimedia Foundation},
  title={{Bresenham-Algorithmus}},
  year=2024,
  language={german},
  url={https://de.wikipedia.org/wiki/Bresenham-Algorithmus},
  urldate={2024-05-28},
}

@online{MIDIAssociation24a,
  author={MIDI Association},
  title={{Summary of MIDI 1.0 Messages}},
  year=2024,
  language={english},
  url={https://midi.org/summary-of-midi-1-0-messages},
  urldate={2024-05-28},
}

@online{Thach24a,
  author={Thach, Ha},
  title={{TinyUSB}},
  year=2024,
  language={english},
  url={https://www.tinyusb.org/},
  urldate={2024-05-28},
}

%  Local Variables:
%    coding:utf-8
%    mode:BibTeX
%  End:
